<record><leader>00000cas a22000007a 4500</leader><controlfield tag="001">32322369</controlfield><controlfield tag="008">950417c19799999okuwr n       0    0eng d</controlfield><datafield ind1=" " ind2=" " tag="010"><subfield code="a">sn 95076067 </subfield></datafield><datafield ind1=" " ind2=" " tag="040"><subfield code="a">OBN</subfield><subfield code="b">eng</subfield><subfield code="c">OBN</subfield><subfield code="d">OCLCQ</subfield><subfield code="d">OUY</subfield><subfield code="d">OCLCQ</subfield></datafield><datafield ind1=" " ind2=" " tag="019"><subfield code="a">53437779</subfield></datafield><datafield ind1=" " ind2=" " tag="043"><subfield code="a">n-us-ok</subfield></datafield><datafield ind1=" " ind2=" " tag="090"><subfield code="a">F704.H3</subfield><subfield code="b">H3</subfield></datafield><datafield ind1="0" ind2=" " tag="130"><subfield code="a">Harrah herald (Harrah, Okla. : 1979)</subfield></datafield><datafield ind1="1" ind2="4" tag="245"><subfield code="a">The Harrah herald.</subfield></datafield><datafield ind1=" " ind2=" " tag="260"><subfield code="a">Harrah, Okla. :</subfield><subfield code="b">Oklahoma County Newspapers, Inc.</subfield></datafield><datafield ind1=" " ind2=" " tag="300"><subfield code="a">v.</subfield></datafield><datafield ind1=" " ind2=" " tag="310"><subfield code="a">Weekly</subfield></datafield><datafield ind1="0" ind2=" " tag="362"><subfield code="a">Vol. 44, no. 43 (July 12, 1979)-</subfield></datafield><datafield ind1=" " ind2=" " tag="588"><subfield code="a">Description based on: Vol. 44, no. 43 (July 12, 1979).</subfield></datafield><datafield ind1=" " ind2="0" tag="651"><subfield code="a">Harrah (Okla.)</subfield><subfield code="v">Newspapers.</subfield></datafield><datafield ind1=" " ind2="0" tag="651"><subfield code="a">Oklahoma County (Okla.)</subfield><subfield code="v">Newspapers.</subfield></datafield><datafield ind1=" " ind2=" " tag="752"><subfield code="a">United States</subfield><subfield code="b">Oklahoma</subfield><subfield code="c">Oklahoma</subfield><subfield code="d">Harrah.</subfield></datafield></record>